<?xml version="1.0" encoding="UTF-8"?><collection xmlns="http://www.loc.gov/MARC21/slim"><record><leader>00504nam--2200169-i-4500</leader><controlfield tag="001">000015073</controlfield><controlfield tag="002">20161230</controlfield><controlfield tag="005">20170108231432</controlfield><controlfield tag="008">060222s1000------------r-----000-0-eng-d</controlfield><datafield ind1=" " ind2=" " tag="040"><subfield code="a">IFIN-HH</subfield></datafield><datafield ind1=" " ind2=" " tag="080"><subfield code="a">802.0(023)</subfield></datafield><datafield ind1="1" ind2=" " tag="100"><subfield code="a">Weiman, Ralph</subfield></datafield><datafield ind1="1" ind2="0" tag="245"><subfield code="a">Cours d'anglais</subfield><subfield code="b">The living language course pronunciation anglaise et americaine. Manuel detaille et disques microsillon</subfield><subfield code="c">Raplh Weiman</subfield></datafield><datafield ind1=" " ind2=" " tag="260"><subfield code="a">Paris</subfield><subfield code="b">Superdidac</subfield></datafield><datafield ind1=" " ind2=" " tag="300"><subfield code="a">4 Discuri</subfield></datafield><datafield ind1=" " ind2=" " tag="852"><subfield code="a">36043</subfield><subfield code="c">4</subfield></datafield><datafield ind1=" " ind2=" " tag="CAT"><subfield code="a">SYS</subfield><subfield code="c">20170108</subfield><subfield code="h">231432</subfield></datafield></record></collection>